<record><leader>00000cas a22000007a 4500</leader><controlfield tag="001">41323505</controlfield><controlfield tag="008">990507d19451951vaucr ne      0    0eng d</controlfield><datafield ind1=" " ind2=" " tag="010"><subfield code="a">sn 99066758 </subfield></datafield><datafield ind1=" " ind2=" " tag="040"><subfield code="a">NVK</subfield><subfield code="b">eng</subfield><subfield code="c">NVK</subfield><subfield code="d">OCLCF</subfield><subfield code="d">OCLCO</subfield></datafield><datafield ind1="1" ind2=" " tag="029"><subfield code="a">AU@</subfield><subfield code="b">000020123928</subfield></datafield><datafield ind1=" " ind2=" " tag="042"><subfield code="a">msc</subfield></datafield><datafield ind1="0" ind2="4" tag="245"><subfield code="a">The Manassas messenger.</subfield></datafield><datafield ind1=" " ind2=" " tag="260"><subfield code="a">Manassas, Va. :</subfield><subfield code="b">Benjamin Muse,</subfield><subfield code="c">1945-</subfield></datafield><datafield ind1=" " ind2=" " tag="300"><subfield code="a">v.</subfield></datafield><datafield ind1=" " ind2=" " tag="310"><subfield code="a">Semiweekly,</subfield><subfield code="b">Feb. 3, 1948-</subfield></datafield><datafield ind1=" " ind2=" " tag="321"><subfield code="a">Weekly,</subfield><subfield code="b">June 15, 1945-Jan. 30, 1948</subfield></datafield><datafield ind1="0" ind2=" " tag="362"><subfield code="a">Vol. 1, no. 1 (June 15, 1945)-</subfield></datafield><datafield ind1="1" ind2=" " tag="362"><subfield code="a">Ceased by Nov. 1951.</subfield></datafield><datafield ind1=" " ind2=" " tag="500"><subfield code="a">"The home newspaper of Manassas and Prince William County."</subfield></datafield><datafield ind1=" " ind2=" " tag="580"><subfield code="a">On Nov. 22, 1951, Manassas messenger merged with: Manassas journal to form: Journal messenger.</subfield></datafield><datafield ind1=" " ind2="0" tag="651"><subfield code="a">Manassas (Va.)</subfield><subfield code="v">Newspapers.</subfield></datafield><datafield ind1=" " ind2="0" tag="651"><subfield code="a">Prince William County (Va.)</subfield><subfield code="v">Newspapers.</subfield></datafield><datafield ind1=" " ind2="7" tag="655"><subfield code="a">Newspapers.</subfield><subfield code="2">fast</subfield><subfield code="0">(OCoLC)fst01423814</subfield></datafield><datafield ind1=" " ind2="7" tag="651"><subfield code="a">Virginia</subfield><subfield code="z">Manassas.</subfield><subfield code="2">fast</subfield><subfield code="0">(OCoLC)fst01214877</subfield></datafield><datafield ind1=" " ind2="7" tag="651"><subfield code="a">Virginia</subfield><subfield code="z">Prince William County.</subfield><subfield code="2">fast</subfield><subfield code="0">(OCoLC)fst01207424</subfield></datafield><datafield ind1=" " ind2=" " tag="752"><subfield code="a">United States</subfield><subfield code="b">Virginia</subfield><subfield code="c">Prince William</subfield><subfield code="d">Manassas.</subfield></datafield><datafield ind1="1" ind2="7" tag="785"><subfield code="t">Manassas journal</subfield><subfield code="w">(DLC)sn 87080629</subfield></datafield><datafield ind1="1" ind2="7" tag="785"><subfield code="t">Journal messenger</subfield><subfield code="w">(DLC)sn 830665</subfield></datafield><datafield ind1=" " ind2=" " tag="936"><subfield code="a">Vol. 7, no. 48 (July 10, 1951) LIC</subfield></datafield></record>